
%Camel Paper in ACL Anthology
@inproceedings{weissweiler2022camel,
    title = "{CaMEL}: {C}ase {M}arker {E}xtraction without {L}abels",
    author = "Weissweiler, Leonie  and
      Hofmann, Valentin  and
      Jalili Sabet, Masoud  and
      Schuetze, Hinrich",
    booktitle = "Proceedings of the 60th Annual Meeting of the Association for Computational Linguistics (Volume 1: Long Papers)",
    month = may,
    year = "2022",
    address = "Dublin, Ireland",
    publisher = "Association for Computational Linguistics",
    url = "https://aclanthology.org/2022.acl-long.377",
    pages = "5506--5516"
}


%General Sources:
@book{blake1994case,
    author={Blake, Barry J.},
    title={Case},
    address={Cambridge},
    publisher={Cambridge Univ. Press},
    year={1994},
    series={Cambridge Textbooks in Linguistics}
}

@book{butt2006case,
   author={Butt, Miriam},
   title={Theories of Case},
   address={Cambridge},
   publisher={Cambridge Univ. Press},
   year={2006},
   series={Cambridge Textbooks in Linguistics}
}

@book{comrie1989typol,
   author={Comrie, Bernard},
   title={Language Universals and Linguistic Typology},
   address={Oxford},
   publisher={Blackwell},
   year={1989}
}

@book{cook1989case,
   author={Cook, Walter A.},
   title={Case Grammar Theory},
   address={Washington D.C.},
   publisher={Georgetown Univ. Pr.},
   year={1989}
}

@book{fillmore1987case,
    author={Fillmore, Charles J.},
    title={Fillmore's Case Grammar: A Reader},
    address={Heidelberg},
    publisher={Groos},
    year={1987},
    series={Studies in descriptive linguistics}
}

@book{nilsen1972deep,
   author={Nilsen, Don L.},
   title={Toward a Semantic Specification of Deep Case},
   address={The Hague},
   publisher={Mouton},
   year={1972},
   series={Janua Linguarum Series Minor 152}
}

@article{grimm2011semcas,
    author={Grimm, Scott},
    title={Semantics of Case},
    journal={Morphology},
    volume={21(3-4)},
    pages={515-544},
    year={2011}
}

@incollection{cysouw2014cas,
    author={Cysouw, Michael},
    title={Inducing semantic roles},
    booktitle={Perspectives on Semantic Roles},
    editor={Luraghi, Silvia and Narrog, Heiko},
    pages={23--68},
    year={2014},
    publisher={John Benjamins},
    address={Amsterdam}
}

@incollection{embick2005status,
   author={Embick, David and Halle, Morris},
   year={2005},
   title={On the Status of \textit{Stems} in Morphological Theory},
   booktitle={Romance Languages and Linguistic Theory},
   subtitle={Selected Papers from 'Going Romance' 2003, Nijmegen, 20-22 November},
   editor={Geerts, Twan and Van Ginneken, Ivo and Jacobs, Haike},
   pages={37--63},
   publisher={John Benjamins},
   address={Amsterdam}
}


%Oxford Handbook of Case - general and articles
@book{malcukov2012case,
   editor={Malčukov, Andrej and Spencer, Andrew},
   title={The Oxford Handbook of Case},
   address={Oxford},
   publisher={Oxford University Press},
   year={2012},
   series={Oxford Handbooks in Linguistics}
}

@incollection{baerman2012hbocas,
    author={Matthew Baerman},
    title={Case syncretism},
    editor={Malčukov, Andrej and Spencer, Andrew},
    booktitle={The Oxford Handbook of Case},
    address={Oxford},
    publisher={Oxford University Press},
    year={2012},
    series={Oxford Handbooks in Linguistics}
}

@incollection{blake2012hbocas,
    author={Barry J. Blake},
    title={History of the Research on Case},
    editor={Malčukov, Andrej and Spencer, Andrew},
    booktitle={The Oxford Handbook of Case},
    address={Oxford},
    publisher={Oxford University Press},
    year={2012},
    series={Oxford Handbooks in Linguistics}
}

@incollection{haspelmath2012hbocas,
    author={Martin Haspelmath},
    title={Terminology of Case},
    editor={Malčukov, Andrej and Spencer, Andrew},
    booktitle={The Oxford Handbook of Case},
    address={Oxford},
    publisher={Oxford University Press},
    year={2012},
    series={Oxford Handbooks in Linguistics}
}

@incollection{moravcsik2012hbocas,
    author={Edith A. Moravcsik},
    title={The Distribution of Case},
    editor={Malčukov, Andrej and Spencer, Andrew},
    booktitle={The Oxford Handbook of Case},
    address={Oxford},
    publisher={Oxford University Press},
    year={2012},
    series={Oxford Handbooks in Linguistics}
}


%German Grammars

@book{eisenberg2020ger,
   author={Eisenberg, Peter},
   title={Grundriss der Deutschen Grammatik: Das Wort},
   address={Stuttgart},
   publisher={J.B. Metzler},
   year={2020},
}

@book{thieroff2012ger,
   author={Thieroff, Rolf and Vogel, Petra },
   title={Flexion},
   address={Heidelberg},
   publisher={Winter},
   year={2012},
   series={Kurze Einführungen in die germanistische Linguistik},
}

@book{gunkel2017ger,
    author={Gunkel, Lutz and Günther, Christine and Hoberg, Ursula},
    title={Grammatik des Deutschen im europäischen Vergleich},
    address={Berlin},
    publisher={De Gruyter},
    year={2017},
    series={Schriften des Instituts für Deutsche Sprache}
}

@book{elsen2014ger,
    author={Elsen, Hilke},
    title={Grundzüge der Morphologie des Deutschen},
    address={Berlin},
    publisher={De Gruyter},
    year={2014}
}

@book{hentschel2009ger,
    editor={Hentschel, Elke and Vokel, Petra M.},
    title={Deutsche Morphologie},
    address={Berlin},
    publisher={de Gruyter},
    year={2009}
}

@book{sahel2018ger,
    author={Sahel, Said},
    title={Kasus},
    address={Heidelberg},
    publisher={Winter},
    year={2018},
    series={Kurze Einführungen in die germanistische Linguistik}
}


%Latin Grammars
@book{panhuis2015lat,
   author={Panhuis, Dirk G. J.},
   title={Lateinische Grammatik},
   address={Berlin},
   publisher={De Gruyter},
   year={2015}
}

@book{rubenbauer1995lat,
   author={Rubenbauer, Hans},
   title={Lateinische Grammatik},
   address={Bamberg},
   publisher={Buchner},
   year={1995}
}

@book{touratier2013lat,
   author={Touratier, Christian},
   title={Lateinische Grammatik},
   address={Darmstadt},
   publisher={WBG},
   year={2013}
}


%Greek Grammars
@book{ruge2001greek,
   author={Ruge, Hans},
   title={Grammatik des Neugriechischen},
   address={Köln},
   publisher={Romiosini},
   year={2001}
}

@book{metger1998greek,
   author={Metger, Wilhelm},
   title={Neugriechische Kurzgrammatik},
   address={Ismaning},
   publisher={Hueber},
   year={1998}
}

@book{holton2016greek,
   author={Holton, David and Mackridge, Peter and Philippaki-Warburton, Irene},
   title={Greek: An Essential Grammar},
   address={London},
   publisher={Routledge},
   year={2016},
   series={Routledge Essential Grammars}
}
  
  
%Russian Grammars:
@book{wade2020russ,
  author={Wade, Terence},
  year={2020},
  title={A Comprehensive Russian Grammar},
  publisher={Wiley Blackwell},
  address={Chichester}, 
  revisors= {Gillespie, David and Gural, Svetlana and Korneeva, Marina}
  }
  
@book{kohls2009russ,
  author={Kohls, Siegfried},
  year={2009},
  title={Langenscheidts Standardgrammatik Russisch},
  subtitle={die große Grammatik zum Lernen, Üben und Nachschlagen},
  publisher={Langenscheidt},
  address={Berlin}
  }
  
  
%Turkish grammars
@book{ersenrasch2012tuer,
    author={Ersen-Rasch, Margarete I.},
    title={Türkische Grammatik},
    address={Wiesbaden},
    publisher={Harrassowitz},
    year={2012}
}

@book{goeksel2005tuer,
    author={Göksel, Aslı and Kerslake, Celia},
    title={Turkish},
    subtitle={A Comprehensive Grammar},
    address={London},
    publisher={Routledge},
    year={2005},
    series={Routledge Comprehensive Grammars}
}
  
%Finnish grammars
@book{karlsson2018finn,
   author={Karlsson, Fred},
   title={Finnish},
   address={Abingdon},
   publisher={Routledge},
   year={2018},
   series={Routledge Comprehensive Grammars}
}

@book{white2008finn,
    author={White, Leila},
    title={A Grammar Book of Finnish},
    address={Helsinki},
    publisher={Finn Lectura},
    year={2008}
}

@book{putz2002finn,
    author={Putz, Martin},
    title={Finnische Grammatik},
    address={Wien},
    publisher={Edition Praesens},
    year={2002}
}



%Wals General:
@book{wals,
  address   = {Leipzig},
  editor    = {Matthew S. Dryer and Martin Haspelmath},
  publisher = {Max Planck Institute for Evolutionary Anthropology},
  title     = {WALS Online},
  url       = {https://wals.info/},
  year      = {2013}
}


%WALS Chapters
@incollection{iggesenwals49,
  address   = {Leipzig},
  author    = {Oliver A. Iggesen},
  booktitle = {The World Atlas of Language Structures Online},
  editor    = {Matthew S. Dryer and Martin Haspelmath},
  publisher = {Max Planck Institute for Evolutionary Anthropology},
  title     = {Number of Cases},
  url       = {https://wals.info/chapter/49},
  year      = {2013}
}

@incollection{dryerwals51,
  address   = {Leipzig},
  author    = {Matthew S. Dryer},
  booktitle = {The World Atlas of Language Structures Online},
  editor    = {Matthew S. Dryer and Martin Haspelmath},
  publisher = {Max Planck Institute for Evolutionary Anthropology},
  title     = {Position of Case Affixes},
  url       = {https://wals.info/chapter/51},
  year      = {2013}
}

@incollection{bickelwals20,
  address   = {Leipzig},
  author    = {Balthasar Bickel and Johanna Nichols},
  booktitle = {The World Atlas of Language Structures Online},
  editor    = {Matthew S. Dryer and Martin Haspelmath},
  publisher = {Max Planck Institute for Evolutionary Anthropology},
  title     = {Fusion of Selected Inflectional Formatives},
  url       = {https://wals.info/chapter/20},
  year      = {2013}
}



%Parallel Bible Corpus
@inproceedings{mayer-cysouw-2014-creating,
    title = "Creating a massively parallel {B}ible corpus",
    author = "Mayer, Thomas and Cysouw, Michael",
    booktitle = "Proceedings of the Ninth International Conference on Language Resources and Evaluation ({LREC}'14)",
    month = may,
    year = "2014",
    address = "Reykjavik, Iceland",
    publisher = "European Language Resources Association (ELRA)",
    pages = "3158--3163",
}

%UniMorph 4.0
@misc{https://doi.org/10.48550/arxiv.2205.03608,
  doi = {10.48550/ARXIV.2205.03608},
  
  url = {https://arxiv.org/abs/2205.03608},
  
  author = {Batsuren, Khuyagbaatar and Goldman, Omer and Khalifa, Salam and Habash, Nizar and Kieraś, Witold and Bella, Gábor and Leonard, Brian and Nicolai, Garrett and Gorman, Kyle and Ate, Yustinus Ghanggo and Ryskina, Maria and Mielke, Sabrina J. and Budianskaya, Elena and El-Khaissi, Charbel and Pimentel, Tiago and Gasser, Michael and Lane, William and Raj, Mohit and Coler, Matt and Samame, Jaime Rafael Montoya and Camaiteri, Delio Siticonatzi and Rojas, Esaú Zumaeta and Francis, Didier López and Oncevay, Arturo and Bautista, Juan López and Villegas, Gema Celeste Silva and Hennigen, Lucas Torroba and Ek, Adam and Guriel, David and Dirix, Peter and Bernardy, Jean-Philippe and Scherbakov, Andrey and Bayyr-ool, Aziyana and Anastasopoulos, Antonios and Zariquiey, Roberto and Sheifer, Karina and Ganieva, Sofya and Cruz, Hilaria and Karahóǧa, Ritván and Markantonatou, Stella and Pavlidis, George and Plugaryov, Matvey and Klyachko, Elena and Salehi, Ali and Angulo, Candy and Baxi, Jatayu and Krizhanovsky, Andrew and Krizhanovskaya, Natalia and Salesky, Elizabeth and Vania, Clara and Ivanova, Sardana and White, Jennifer and Maudslay, Rowan Hall and Valvoda, Josef and Zmigrod, Ran and Czarnowska, Paula and Nikkarinen, Irene and Salchak, Aelita and Bhatt, Brijesh and Straughn, Christopher and Liu, Zoey and Washington, Jonathan North and Pinter, Yuval and Ataman, Duygu and Wolinski, Marcin and Suhardijanto, Totok and Yablonskaya, Anna and Stoehr, Niklas and Dolatian, Hossep and Nuriah, Zahroh and Ratan, Shyam and Tyers, Francis M. and Ponti, Edoardo M. and Aiton, Grant and Arora, Aryaman and Hatcher, Richard J. and Kumar, Ritesh and Young, Jeremiah and Rodionova, Daria and Yemelina, Anastasia and Andrushko, Taras and Marchenko, Igor and Mashkovtseva, Polina and Serova, Alexandra and Prud'hommeaux, Emily and Nepomniashchaya, Maria and Giunchiglia, Fausto and Chodroff, Eleanor and Hulden, Mans and Silfverberg, Miikka and McCarthy, Arya D. and Yarowsky, David and Cotterell, Ryan and Tsarfaty, Reut and Vylomova, Ekaterina},
  
  keywords = {Computation and Language (cs.CL), FOS: Computer and information sciences, FOS: Computer and information sciences},
  
  title = {UniMorph 4.0: Universal Morphology},
  
  publisher = {arXiv},
  
  year = {2022},
  
  copyright = {arXiv.org perpetual, non-exclusive license}
}

